@techreport{chen2013boston,
  title={From Boston to Chinese parallel to deferred acceptance: Theory and experiments on a family of school choice mechanisms},
  author={Chen, Yan and Kesten, Onur},
  year={2013},
  institution={WZB Discussion Paper}
}


@article{abdulkadirouglu2003school,
  title={School choice: A mechanism design approach},
  author={Abdulkadiro{\u{g}}lu, Atila and S{\"o}nmez, Tayfun},
  journal={American economic review},
  volume={93},
  number={3},
  pages={729--747},
  year={2003}
}

@article{kapor2020heterogeneous,
  title={Heterogeneous beliefs and school choice mechanisms},
  author={Kapor, Adam J and Neilson, Christopher A and Zimmerman, Seth D},
  journal={American Economic Review},
  volume={110},
  number={5},
  pages={1274--1315},
  year={2020}
}

@article{azevedo2019strategy,
  title={Strategy-proofness in the large},
  author={Azevedo, Eduardo M and Budish, Eric},
  journal={The Review of Economic Studies},
  volume={86},
  number={1},
  pages={81--116},
  year={2019},
  publisher={Oxford University Press}
}

@article{pathak2008leveling,
  title={Leveling the playing field: Sincere and sophisticated players in the Boston mechanism},
  author={Pathak, Parag A and S{\"o}nmez, Tayfun},
  journal={American Economic Review},
  volume={98},
  number={4},
  pages={1636--52},
  year={2008}
}

@article{agarwal2018demand,
  title={Demand analysis using strategic reports: An application to a school choice mechanism},
  author={Agarwal, Nikhil and Somaini, Paulo},
  journal={Econometrica},
  volume={86},
  number={2},
  pages={391--444},
  year={2018},
  publisher={Wiley Online Library}
}

@article{kesten2010school,
  title={School choice with consent},
  author={Kesten, Onur},
  journal={The Quarterly Journal of Economics},
  volume={125},
  number={3},
  pages={1297--1348},
  year={2010},
  publisher={MIT Press}
}